<?xml version="1.0" encoding="UTF-8"?>
<marc:records xmlns:marc="http://www.loc.gov/MARC21/slim" xmlns:xsi="http://www.w3.org/2001/XMLSchema-instance" xsi:schemaLocation="http://www.loc.gov/MARC21/slim http://www.loc.gov/standards/marcxml/schema/MARC21slim.xsd">
  <marc:record>
    <marc:leader>01440ctm a2200361 a 4500</marc:leader>
    <marc:controlfield tag="001">9924360513503681</marc:controlfield>
    <marc:controlfield tag="005">20230113153232.0</marc:controlfield>
    <marc:controlfield tag="008">921202s1886    xx            000 0 sam d</marc:controlfield>
    <marc:datafield ind1=" " ind2=" " tag="035">
  <marc:subfield code="a">(OCoLC)on1287198342</marc:subfield>
</marc:datafield>
    <marc:datafield ind1=" " ind2=" " tag="035">
  <marc:subfield code="a">(OCoLC)1287198342</marc:subfield>
</marc:datafield>
    <marc:datafield ind1=" " ind2=" " tag="035">
  <marc:subfield code="a">0075492</marc:subfield>
</marc:datafield>
    <marc:datafield ind1=" " ind2=" " tag="035">
  <marc:subfield code="a">(PU)2436051-penndb-Voyager</marc:subfield>
</marc:datafield>
    <marc:datafield ind1=" " ind2=" " tag="035">
  <marc:subfield code="a">PAAH92-A94</marc:subfield>
</marc:datafield>
    <marc:datafield ind1="0" ind2="0" tag="245">
  <marc:subfield code="a">Samaritan prayers and hymns.</marc:subfield>
</marc:datafield>
    <marc:datafield ind1="3" ind2=" " tag="246">
  <marc:subfield code="a">Samaritan Manuscript</marc:subfield>
</marc:datafield>
    <marc:datafield ind1=" " ind2=" " tag="336">
  <marc:subfield code="a">text</marc:subfield>
  <marc:subfield code="b">txt</marc:subfield>
  <marc:subfield code="2">rdacontent</marc:subfield>
</marc:datafield>
    <marc:datafield ind1=" " ind2=" " tag="337">
  <marc:subfield code="a">unmediated</marc:subfield>
  <marc:subfield code="b">n</marc:subfield>
  <marc:subfield code="2">rdamedia</marc:subfield>
</marc:datafield>
    <marc:datafield ind1=" " ind2=" " tag="338">
  <marc:subfield code="a">unspecified</marc:subfield>
  <marc:subfield code="b">zu</marc:subfield>
  <marc:subfield code="2">rdacarrier</marc:subfield>
</marc:datafield>
    <marc:datafield ind1=" " ind2=" " tag="340">
  <marc:subfield code="a">56 leaves :</marc:subfield>
  <marc:subfield code="b">paper ;</marc:subfield>
  <marc:subfield code="c">8 3/4 x 6 1/8 inches.</marc:subfield>
</marc:datafield>
    <marc:datafield ind1=" " ind2=" " tag="541">
  <marc:subfield code="e">Rare Ms. 102</marc:subfield>
</marc:datafield>
    <marc:datafield ind1=" " ind2=" " tag="546">
  <marc:subfield code="a">Samaritan.</marc:subfield>
  <marc:subfield code="b">Written in Neskhi hand, in black, violet, and gray ink.</marc:subfield>
</marc:datafield>
    <marc:datafield ind1=" " ind2=" " tag="583">
  <marc:subfield code="c">0585</marc:subfield>
</marc:datafield>
    <marc:datafield ind1=" " ind2="0" tag="650">
  <marc:subfield code="a">Samaritans</marc:subfield>
  <marc:subfield code="x">Liturgy.</marc:subfield>
</marc:datafield>
    <marc:datafield ind1=" " ind2="7" tag="650">
  <marc:subfield code="a">Samaritans</marc:subfield>
  <marc:subfield code="x">Liturgy.</marc:subfield>
  <marc:subfield code="2">fast</marc:subfield>
  <marc:subfield code="0">http://id.worldcat.org/fast/1104509</marc:subfield>
</marc:datafield>
    <marc:datafield ind1=" " ind2="7" tag="650">
  <marc:subfield code="a">Samaritans.</marc:subfield>
  <marc:subfield code="2">fast</marc:subfield>
  <marc:subfield code="0">http://id.worldcat.org/fast/1104504</marc:subfield>
</marc:datafield>
    <marc:datafield ind1="2" ind2=" " tag="710">
  <marc:subfield code="a">Annenberg Research Institute.</marc:subfield>
  <marc:subfield code="k">Manuscript.</marc:subfield>
  <marc:subfield code="n">Rare ms.102.</marc:subfield>
</marc:datafield>
    <marc:datafield ind1=" " ind2=" " tag="852">
  <marc:subfield code="b">Library at the Herbert D. Katz Center for Advanced Judaic Studies</marc:subfield>
  <marc:subfield code="a">University of Pennsylvania</marc:subfield>
  <marc:subfield code="e">420 Walnut Street, Philadelphia, Pennsylvania 19106-3703.</marc:subfield>
  <marc:subfield code="j">CAJS Rar Ms 102</marc:subfield>
</marc:datafield>
    <marc:datafield ind1="4" ind2="1" tag="856">
  <marc:subfield code="z">Digital facsimile for browsing (Colenda)</marc:subfield>
  <marc:subfield code="u">https://colenda.library.upenn.edu/catalog/81431-p3513v56h</marc:subfield>
</marc:datafield>
    <marc:datafield ind1=" " ind2=" " tag="902">
  <marc:subfield code="a">MARCIVE 2022</marc:subfield>
</marc:datafield>
    <marc:datafield ind1=" " ind2=" " tag="949">
  <marc:subfield code="l">cjs</marc:subfield>
  <marc:subfield code="7">ARA</marc:subfield>
  <marc:subfield code="8">RLIN</marc:subfield>
  <marc:subfield code="9">1886</marc:subfield>
</marc:datafield>
    <marc:datafield ind1=" " ind2=" " tag="950">
  <marc:subfield code="l">PAAH</marc:subfield>
  <marc:subfield code="i">02/26/93 C</marc:subfield>
</marc:datafield>
    <marc:datafield ind1=" " ind2=" " tag="992">
  <marc:subfield code="a">tRLIN</marc:subfield>
</marc:datafield>
    <marc:datafield ind1=" " ind2=" " tag="998">
  <marc:subfield code="a">02/26/93</marc:subfield>
  <marc:subfield code="t">d</marc:subfield>
  <marc:subfield code="s">9554</marc:subfield>
  <marc:subfield code="l">PAAH</marc:subfield>
  <marc:subfield code="n">PPAnR</marc:subfield>
  <marc:subfield code="d">12/02/92</marc:subfield>
</marc:datafield>
    <marc:holdings>
      <marc:holding>
        <marc:holding_id>22335424550003681</marc:holding_id>
        <marc:call_number>CAJS Rar Ms 102</marc:call_number>
        <marc:library>KatzLib</marc:library>
        <marc:location>cjs</marc:location>
      </marc:holding>
    </marc:holdings>
  </marc:record>
</marc:records>
